@article{softwaregamificado,
	Author = {Leandro Alves Ferreira Santos},
	Title = {\textbf{Software gamificado para auxílio ao ensino e aprendizagem de matemática para crianças}},
	Year = {2017},
	Address = {Brasília, Brazil},
	Pages = {75},
}


@misc{indiceRuimMat,
  Author = {ESTADÃO},
  title = {\textbf{Brasil é um dos piores em qualidade de matemática e ciências}},
  Year = {2016},
  note = {Accessado em: 20/10/2018},
  Url = {https://educacao.estadao.com.br/noticias/geral,brasil-e-um-dos-piores-em-qualidade-de-ensino-de-matematica-e-ciencias,10000061150},
}


@misc{inep2015,
	Author = {INEP},	
	Year = {2015},
	title = {\textbf{Resultados de Leitura e Matemática - equipe nacional}},
	note = {Accessado em: 20/10/2018},
	Url = {http://download.inep.gov.br/acoes_internacionais/pisa/resultados/2015/pisa_apresentacao_leitura_e_matematica.pptx},
}

@article{matEtdah,
	Author = {Maria José Fagundes Barbosa and Joseli Almeida de Camargo},
	Title = {\textbf{Os desafios da escola pública paranaense na perspectiva do professor PDE}},
	Year = {2014},
	Url = {http://www.diaadiaeducacao.pr.gov.br/portals/cadernospde/pdebusca/producoes_pde/2014/2014_uepg_mat_artigo_maria_jose_fagundes_barbosa.pdf},
	volume = 1,
	isbn = {978-85-8015-080-3},
}

@article{matEtdah1,
	Author = {Maria José Fagundes Barbosa and Joseli Almeida de Camargo},
	Title = {\textbf{Os desafios da escola pública paranaense na perspectiva do professor PDE}},
	Year = {2014},
	Url = {http://www.diaadiaeducacao.pr.gov.br/portals/cadernospde/pdebusca/producoes_pde/2014/2014_uepg_mat_artigo_maria_jose_fagundes_barbosa.pdf},
	volume = 1,
	isbn = {978-85-8015-080-3},
	pages = {18},
}

@misc{inep2015nivelcidadania,
	Author = {INEP},	
	Year = {2015},
	title = {\textbf{Resultados de Leitura e Matemática - equipe nacional}},
	note = {Accessado em: 26/10/2018},
	Url = {http://download.inep.gov.br/acoes_internacionais/pisa/resultados/2015/pisa_apresentacao_leitura_e_matematica.pptx},
	pages = {27-29},
	
}

@article{jogoPratPedagoc,
	Author = {Vânia Maria Coelho},
	Title = {\textbf{O jogo como prática pedagógica na escola inclusiva}},
	Year = {2010},
	Url = {https://repositorio.ufsm.br/bitstream/handle/1/1485/Coelho_Vania_Maria.pdf?sequence=1},
	note = {Accessado em: 22/10/2018},
}

@article{howtoread,
	Author = {S. Keshav;David R. Cheriton},
	Title = {\textbf{How to Read a Paper}},
	Year = {2007},
	Address = {University of Waterloo}
}


@Book{tdahNasEscolas,
 author    = "George J. DuPaul and Gary Stoner",
 title     = {TDAH nas escolas - Estratégias de Avaliação e Intervenção},
 publisher = "M. Books do Brasil Editora Ltda",
 year      =  2007,
 address   = "São Paulo",
 isbn	   = "978-85-7680-017-0",
 edition   = "1ª edição",
 pages = {iv}
}

@Book{tdahNasEscolas1,
 author    = "George J. DuPaul and Gary Stoner",
 title     = {TDAH nas escolas - Estratégias de Avaliação e Intervenção},
 publisher = "M. Books do Brasil Editora Ltda",
 year      =  2007,
 address   = "São Paulo",
 isbn	   = "978-85-7680-017-0",
 edition   = "1ª edição",
 pages = {4}
}

@Book{tdahNasEscolas2,
 author    = "George J. DuPaul and Gary Stoner",
 title     = {TDAH nas escolas - Estratégias de Avaliação e Intervenção},
 publisher = "M. Books do Brasil Editora Ltda",
 year      =  2007,
 address   = "São Paulo",
 isbn	   = "978-85-7680-017-0",
 edition   = "1ª edição",
 pages = {130}
}

@article{dicheva,
title = {Gamification in Education: A Systematic Mapping Study},
author = {Dicheva, Darina and Dichev, Christo and Agre, Gennady and Angelova, Galia},
year = {2015},
month = {07},
pages = {75-88},
volume = {18},
journal = {Educational Technology \& Society},
}

@article{vantagensDesvantagensMC,
	title = {Mapa conceitual: seu potencial como instrumento avaliativo},
	author = {Nadia Aparecida de Souza and Evely Boruchovitch},
	year = {2009},
	pages = {173-192},
	volume = {21},
}

@article{sucessoJogoEngSoft,
	title = {O que Explica o Sucesso de Jogos no Ensino de Engenharia de Software? Uma Teoria de Motivação},
	author = {Márcia Souza and César FranÇa},
	year = {2016},
	month = {08},
	journal = {WEI - 24º Workshop sobre Educação em Computação}
}

@article{novak,
	title = {Aprender, criar e utilizar o conhecimento: mapas conceituais como ferramentas de
facilitação nas escolas e empresas.},
	author = {NOVAK, J. D.},
	year = {2000},
}

@article{dificuldadesMapaConceitual,
	title = {MAPAS CONCEITUAIS COMO FERRAMENTA DE AVALIAÇÃO: DESAFIOS E POSSIBILIDADES DE MUDANÇAS NA SALA DE AULA},
	author = {Paulo Rogério Miranda Correia and Bruno Xavier do Valle and Jerson Geraldo Romano Jr Amanda Cristina da Silva},
	issn = {21766940},
	year = {2009},
	journal = {Encontro Nacional de Pesquisa em Educação em Ciências}
}

@article{leiDeNewtonMC,
	title = {O USO DE MAPAS CONCEITUAIS COMO INSTRUMENTO DE AVALIAÇÃO NO ENSINO DE FÍSICA: UM ESTUDO A PARTIR DO TEMA AS LEIS DE NEWTON},
	author = {Maria Helena Carvalho da Costa and Gilvan Mendonça Silva and Tiago Nery Ribeiro},
	year = {2012},
	url = {http://educonse.com.br/2012/eixo_06/PDF/75.pdf},
}

@article{revbibmatgam,
	Title = {O uso de gamificação e dificuldades matemáticas: possíveis aproximações},
	Author = {João Coelho Neto and Marília Bazan Blanco and Juliano Aléssio da Silva},
	Year = {2017},
	Url = {https://seer.ufrgs.br/renote/article/download/75151/42586},
	doi = {https://doi.org/10.22456/1679-1916.75151},
	issn = {1679-1916},
	journal = {RENOTE - Revista Novas Tecnologias na Educação},
	volume = {15},
	number = {1}
}

@article{appcalculo,
	Author = {Vladimir Silva and Hytalo Tavares 1 and Cícero Correia 1 and Taciana Pontual Falcão},
	Title = {Proposta de um Aplicativo Gamificado para o Ensino de Cálculo},
	Year = {2016},
	Url = {http://ceur-ws.org/Vol-1667/CtrlE_2016_AC_paper_14.pdf},
	journal = {Congresso Regional sobre Tecnologias na Educação},
	Address = {Recife/PE - Brasil}
}

@article{videoGameED,
	Title = {A Video Game Based on Elementary Differential Equations},
	Author = {Marco Giacinti and Francesca Mariani and Maria Cristina Recchioni and Francesco Zirilli},
	Year = {2013},
	journal = {Scientific Research}
}

@article{explicacaoEDO,
	Title = {\textbf{Equações diferenciais ordinárias e algumas aplicações}},
	Author = {Danielle Dantas NÓbrega},
	Year = {2016},
	Address = {Caicó-RN},
	Month = {Junho},
	Pages = {1-18, 27-31},
	Organization = {Universidade Federal do Rio Grande do Norte Centro de Ensino Superior do Seridó Departamento de Ciências Exatas e Aplicadas}
}

@article{evasaoC2,
	Title = {\textbf{Evasão do curso de Licenciatura em Matemática (Noturno) da Universidade de Brasília}},
	Author = {Lavousier Ferreira Diniz de Souza},
	Year = {2016},
	Address = {Brasília},
	Organization = {Universidade de Brasília}
}

@article{importanciaLudico,
	Title = {A importância do lúdico na educação infantil},
	Author = {Natália Zanatta da Silva},
	Year = {2014},
	Month = {Outubro},	
	Address = {Município de Paranvaí},
	Organization = {Universidade Tecnológica Federal do Paraná}
}












































@inproceedings{soviero1997,
	Pages = {332-340},
	Volume = {19},
	Number = {3},
	Booktitle = {Journal of the Brazilian Societyt Mechanical Sciences}	
}


@inproceedings{sparrow1980,
	Pages = {149-167},
	Volume = {3},
	Booktitle = {Numerical Heat Transfer}
}


@manual{inmetro2003,
	Address = {Rio de Janeiro, Brasil},
	Pages = {75},
	isbn = {85-87090-90-9}
}



@article{coimbra1978,
	
	Address = {São Paulo, Brazil},
	Pages = {428},
	Editor = {Edgard Blücher}
}


@inproceedings{bordalo1989,
	Pages = {41-44},
	Booktitle = {Proceedings of the 10th Brazilian Congress of Mechanical
	Engineering}, 
	Volume = {1}
}

@manual{NBR14724:2011,
	Address = {Rio de Janeiro},
	Date-Added = {2012-12-15 20:34:08 +0000},
	Date-Modified = {2012-12-15 20:35:25 +0000},
	Month = mar,
	Org-Short = {ABNT},
	Organization = {Associa{\c c}\~ao Brasileira de Normas T\'ecnicas},
	Pages = 15,
	Subtitle = {Informa{\c c}\~ao e documenta{\c c}\~ao --- trabalhos acad\^emicos --- apresenta{\c c}\~ao},
}

@manual{NBR6034:2000,
	Address = {Rio de Janeiro},
	Org-Short = {ABNT},
	Organization = {Associa{\c c}\~ao Brasileira de Normas T\'ecnicas},
	Subtitle = {Informa{\c c}\~ao e documenta{\c c}\~ao --- Referências},
}

